<record><leader>00000cas a2200000 a 4500</leader><controlfield tag="001">11619177</controlfield><controlfield tag="008">850125d18681926wiuwr ne      0    0eng d</controlfield><datafield ind1=" " ind2=" " tag="010"><subfield code="a">sn 85033032 </subfield></datafield><datafield ind1=" " ind2=" " tag="040"><subfield code="a">NPU</subfield><subfield code="b">eng</subfield><subfield code="c">NPU</subfield><subfield code="d">NPV</subfield><subfield code="d">NPX</subfield><subfield code="d">NVF</subfield><subfield code="d">OCL</subfield><subfield code="d">OCLCQ</subfield><subfield code="d">OCLCF</subfield><subfield code="d">OCLCO</subfield></datafield><datafield ind1="1" ind2=" " tag="029"><subfield code="a">AU@</subfield><subfield code="b">000024692685</subfield></datafield><datafield ind1=" " ind2=" " tag="042"><subfield code="a">msc</subfield></datafield><datafield ind1=" " ind2=" " tag="043"><subfield code="a">n-us-wi</subfield></datafield><datafield ind1=" " ind2=" " tag="045"><subfield code="a">w6x2</subfield></datafield><datafield ind1=" " ind2=" " tag="052"><subfield code="a">4123</subfield><subfield code="b">J2</subfield></datafield><datafield ind1="0" ind2="0" tag="245"><subfield code="a">Badger state banner.</subfield></datafield><datafield ind1="1" ind2="3" tag="246"><subfield code="a">Badger banner</subfield></datafield><datafield ind1="1" ind2="3" tag="246"><subfield code="a">Banner</subfield></datafield><datafield ind1=" " ind2=" " tag="260"><subfield code="a">Black River Falls, Wis. :</subfield><subfield code="b">J.A. Watrous &amp; F. Cooper,</subfield><subfield code="c">1868-1926.</subfield></datafield><datafield ind1=" " ind2=" " tag="300"><subfield code="a">v. :</subfield><subfield code="b">ill.</subfield></datafield><datafield ind1=" " ind2=" " tag="310"><subfield code="a">Weekly</subfield></datafield><datafield ind1="0" ind2=" " tag="362"><subfield code="a">Vol. 12, no. 11 (Apr. 4, 1868)-v. 70, no. 10 (Mar. 4, 1926).</subfield></datafield><datafield ind1=" " ind2=" " tag="500"><subfield code="a">Publisher varies.</subfield></datafield><datafield ind1=" " ind2=" " tag="500"><subfield code="a">Editors: J.A. Watrous, April 4, 1868-Aug. 7, 1869; F. Cooper, &lt;Nov. 13, 1869&gt;-Dec. 30, 1876; G.P. Cooper, Jan. 6, 1877-March 4, 1926.</subfield></datafield><datafield ind1=" " ind2=" " tag="525"><subfield code="a">Supplements accompany some issues.</subfield></datafield><datafield ind1=" " ind2=" " tag="530"><subfield code="a">Available on microfilm from The State Historical Society of Wisconsin.</subfield></datafield><datafield ind1=" " ind2="0" tag="651"><subfield code="a">Black River Falls (Wis.)</subfield><subfield code="v">Newspapers.</subfield></datafield><datafield ind1=" " ind2="7" tag="655"><subfield code="a">Newspapers.</subfield><subfield code="2">fast</subfield><subfield code="0">(OCoLC)fst01423814</subfield></datafield><datafield ind1=" " ind2="7" tag="651"><subfield code="a">Wisconsin</subfield><subfield code="z">Black River Falls.</subfield><subfield code="2">fast</subfield><subfield code="0">(OCoLC)fst01222692</subfield></datafield><datafield ind1=" " ind2=" " tag="752"><subfield code="a">United States</subfield><subfield code="b">Wisconsin</subfield><subfield code="c">Jackson</subfield><subfield code="d">Black River Falls.</subfield></datafield><datafield ind1="0" ind2="0" tag="780"><subfield code="t">Jackson County banner</subfield><subfield code="w">(DLC)sn8608060119</subfield></datafield><datafield ind1="0" ind2="7" tag="785"><subfield code="t">Jackson County journal</subfield><subfield code="w">(DLC)sn 85041287</subfield></datafield><datafield ind1="0" ind2="7" tag="785"><subfield code="t">Banner-journal</subfield><subfield code="w">(DLC)sn8608060120</subfield></datafield></record>